% Encoding: windows-1252

@Book{Reto2017,
  author = {Reto, Meier},
  title  = {Professional Android Development},
  year   = {2017},
}

@Online{Todd2017,
  author = {Todd, Alex and Barraclough, Chris},
  editor = {Recombu},
  title  = {What is Android and what is an Android phone?},
  year   = {2017},
  date   = {2017-06-28},
  url    = {https://recombu.com/mobile/article/what-is-android-and-what-is-an-android-phone_M12615.html#},
}

@Book{murphymarkl.2017,
  author  = {Murphy, Mark L.},
  title   = {The Busy Coder's Guide to Android Development},
  year    = {2017},
  volume  = {CommonsWare},
  address = {https://commonsware.com/Android/},
}

@Online{Google2017,
  author = {Google},
  title  = {Android Developers Guide},
  year   = {2017},
  url    = {https://developer.android.com/guide/platform/index.html},
  month  = {09},
  day    = {07},
}

@Online{alliance,
  title = {Open Handset Alliance},
  year  = {2017},
  url   = {https://www.openhandsetalliance.com/},
}

@Online{Limbani2014,
  author = {Limbani, Bhavik},
  title  = {{ART} vs Dalvik, Introducing the new Android x86 Runtime},
  date   = {2014-10-17},
  url    = {https://www.slideshare.net/limaniBhavik/artaot-vs-dalvikjit},
}

@Online{Android2019,
  author = {{Source Android}},
  title  = {{ART} and Dalvik},
  date   = {30/08/2017},
  url    = {https://source.android.com/devices/tech/dalvik/},
}

@Online{Vitas2013,
  author = {Vitas, Marko},
  editor = {Infinium.co},
  title  = {{ART} vs Dalvik - introducing the new Android runtime in KitKat},
  date   = {2013-12-04},
  url    = {https://infinum.co/the-capsized-eight/art-vs-dalvik-introducing-the-new-android-runtime-in-kit-kat},
}

@Online{Developers19,
  author = {{Google Developers}},
  title  = {The Activity Lifecycle},
  date   = {2017-09-19},
  url    = {https://developer.android.com/guide/components/activities/activity-lifecycle.html},
}

@Online{Buysse19,
  author = {Buysse, Jens},
  title  = {Example application demonstrating the functionality of Activities},
  date   = {2017-9-17},
  url    = {https://github.com/eothein/ActivityExample},
}

@Electronic{Google2017c,
  author = {Google},
  title  = {Material Design},
  year   = {2017},
  url    = {https://material.io/guidelines/patterns/navigation.html},
}

@Electronic{Tamada2013,
  author = {Tamada, Ravi},
  title  = {Android Material Design working with Tabs},
  date   = {2013-09-13},
  url    = {http://www.androidhive.info/2015/09/android-material-design-working-with-tabs/},
}

@Electronic{Google2017a,
  author = {Google},
  title  = {Creating a Navigation Drawer},
  year   = {2017},
  url    = {https://developer.android.com/training/implementing-navigation/nav-drawer.html},
}

@Article{Kieft2014,
  author  = {Kieft, Tyler},
  title   = {Building a better Instagram app for Android},
  journal = {Instagram Engineering},
  date    = {2014-09-13},
  url     = {https://engineering.instagram.com/building-a-better-instagram-app-for-android-c08f973662b},
}

@Electronic{Google2017b,
  author = {{Google Developers}},
  editor = {Android Studio},
  title  = {Debug {GPU} Overdraw Walkthrough},
  year   = {2017},
  url    = {https://developer.android.com/studio/profile/dev-options-overdraw.html},
}

@Electronic{Point2017,
  author = {{Tutorials Point}},
  title  = {Android - Fragment},
  year   = {2017},
  url    = {https://www.tutorialspoint.com/android/android_fragments.htm},
}

@Electronic{Guide2017,
  author = {{Google Developers}},
  title  = {Building a Dynamic UI with Fragments},
  year   = {2017},
  url    = {https://developer.android.com/training/basics/fragments/index.html},
}

@Electronic{TueDao2017,
  author = {Tue Dao, Huyen and Gleason, Lance},
  editor = {Raywenderlich},
  title  = {Android Fragments Tutorial: An Introduction with Kotlin},
  date   = {2017-10-11},
  url    = {https://www.raywenderlich.com/169885/android-fragments-tutorial-introduction-2},
}

@Electronic{Buysse18,
  author = {Buysse, Jens},
  editor = {Github},
  title  = {Intent example application},
  date   = {2017-11-18},
  url    = {https://github.com/eothein/intents},
}

@Electronic{Li2016,
  author = {Li, Jing},
  editor = {Github},
  title  = {AwesomeValidation},
  year   = {2016},
  url    = {https://github.com/thyrlian/AwesomeValidation},
}

@Online{Buysse2017,
  author = {Buysse, Jens},
  editor = {Github},
  title  = {Rick and Morty Example},
  date   = {2017-10-25},
  url    = {https://github.com/eothein/Rick-and-Morty-List},
}

@Online{Square2017,
  author = {Square, Inc.},
  title  = {Picasso, A powerful image downloading and caching library for Android},
  year   = {2017},
  url    = {http://square.github.io/picasso/},
}

@Online{WikiHow2017,
  author = {WikiHow},
  title  = {WikiHow to play Guess who (Board Game)},
  year   = {2017},
  url    = {https://www.wikihow.com/Play-Guess-Who-(Board-Game)},
}

@Electronic{Makan2013,
  author = {Makan, Keith},
  editor = {Packt},
  title  = {Knowing the SQL-injection attacks and securing our Android applications from them},
  date   = {2013-12-01},
  url    = {https://www.packtpub.com/books/content/knowing-sql-injection-attacks-and-securing-our-android-applications-them},
}

@Electronic{Lockwood2012,
  author = {Lockwood, Alex},
  editor = {Android Design Patterns},
  title  = {Understanding the LoaderManager},
  date   = {2012-07-22},
  url    = {http://www.androiddesignpatterns.com/2012/07/understanding-loadermanager.html},
}

@Electronic{Developpers,
  author = {{Google Developers}},
  editor = {Google},
  title  = {Firebase Android Codelap},
  url    = {https://codelabs.developers.google.com/codelabs/firebase-android/#0},
}

@Book{Leiva2018,
  author = {Leiva, Antonio},
  title  = {Kotlin for Android Developers},
  year   = {2018},
  date   = {2018-04-05},
}

@Electronic{Developers2018build,
  author = {{Google Developers}},
  title  = {Configure your build},
  year   = {2018},
  date   = {2018-07-17},
  url    = {https://developer.android.com/studio/build/},
}

@Online{Bukros2017,
  author = {Bukros, Adrian},
  editor = {Kotlin Development},
  title  = {Why every Android developer should use Anko},
  year   = {2017},
  url    = {https://www.kotlindevelopment.com/why-should-use-anko/},
}

@Online{Devilla2009,
  author = {Devilla, Joey},
  title  = {The {SOLID} Principles, Explained with Motivational Posters},
  date   = {2009-07-15},
  url    = {https://blogs.msdn.microsoft.com/cdndevs/2009/07/15/the-solid-principles-explained-with-motivational-posters/},
}

@Online{OODesigncom2018,
  author = {OODesign.com},
  title  = {Dependency Inversion Principle},
  date   = {2018-08-29},
  url    = {https://www.oodesign.com/dependency-inversion-principle.html},
}

@Online{Janssen2018,
  author = {Janssen, Thobe},
  editor = {Stackify},
  title  = {{SOLID} Design Principles Explained: Dependency Inversion Principle with Code Examples},
  year   = {2018},
  date   = {2018-05-07},
  url    = {https://stackify.com/dependency-inversion-principle/},
}

@Online{Laanaya2016,
  author = {Laanaya, Abderrazak},
  editor = {AndroidPub},
  title  = {Android Development: the {SOLID} Principles},
  date   = {2016-07-05},
  url    = {https://android.jlelse.eu/android-development-the-solid-principles-3b5779b105d2},
}

@Online{Lipovetskii2017,
  author = {Lipovetskii, Vital},
  title  = {Samples for Solid Design Principles in kotlin},
  date   = {2017-11-07},
  url    = {https://github.com/vlipovetskii/solid-principles-kotlin},
}

@Online{GoogleDevelopers2018,
  author = {{Google Developers}},
  editor = {Codelabs},
  title  = {Build Your First Android App in Kotlin},
  year   = {2018},
  url    = {https://codelabs.developers.google.com/codelabs/build-your-first-android-app-kotlin/index.html#0},
}

@Electronic{Gleason2017,
  author = {Gleason, Lance},
  editor = {raywenderlich.com},
  title  = {Android Fragments Tutorial: An Introduction with Kotlin},
  year   = {2017},
  date   = {2017-10-11},
  url    = {https://www.raywenderlich.com/361-android-fragments-tutorial-an-introduction-with-kotlin},
}

@Electronic{mvc-mvp-mvv-on-android,
	author = {Maxwell, Eric},
	editor = {Realm.io},
	title  = {MVC vs. MVP vs. MVVM on Android},
	date   = {26/01/2017},
	url    = {https://academy.realm.io/posts/eric-maxwell-mvc-mvp-and-mvvm-on-android},
}

@Electronic{viewModelOfficial,
	author = {Google Developers},
	title  = {ViewModel Overview },
	date   = {17/10/2018},
	url    = {https://developer.android.com/topic/libraries/architecture/viewmodel},
}

@Electronic{viewModelProvider,
	author = {Google Developers},
	title  = {ViewModelProvider},
	date   = {17/10/2018},
	url    = {https://developer.android.com/reference/android/arch/lifecycle/ViewModelProvider},
}

@Electronic{dataBinding,
	author = {Google Developers},
	title  = {Data Binding Library},
	date   = {17/10/2018},
	url    = {https://developer.android.com/topic/libraries/data-binding/},
}
@Electronic{liveData,
	author = {Google Developers},
	title  = {LiveData Overview },
	date   = {17/10/2018},
	url    = {https://developer.android.com/topic/libraries/architecture/livedata},
}
@Electronic{observable,
	author = {Google Developers},
	title  = {Work with observable data objects},
	date   = {17/10/2018},
	url    = {https://developer.android.com/topic/libraries/data-binding/observability},
}
@Electronic{simform,
	author = {Rakshit Soral},
	title  = {MVC vs MVP vs MVVM for Android Application Development},
	date   = {30/10/2018},
	url    = {https://www.simform.com/mvc-mvp-mvvm-android-app-development/},
}
@Electronic{architectureComponents,
	author = {Google},
	title  = {Android Architecture Components},
	date   = {30/10/2018},
	url    = {https://developer.android.com/topic/libraries/architecture/},
}
@Electronic{shareDataBetweenFragments,
	author = {Google},
	title  = {ViewModel Overview - Share data between fragments},
	date   = {30/10/2018},
	url    = {https://developer.android.com/topic/libraries/architecture/viewmodel#sharing},
}

@Comment{jabref-meta: databaseType:biblatex;}
